@ARTICLE{feyn54,
   author = "R. P. Feynman",
   year = "1954",
   journal = "Phys.\ Rev.",
   volume = "94",
   pages = "262"
}

@ARTICLE{epr,
   author = "A. Einstein and B. Podolsky and N. Rosen",
   year = "1935",
   journal = "Phys.\ Rev.",
   volume = "47",
   pages = "777"
}

@MISC{witten2001,
   author = "Edward Witten",
   eprint = "hep-th/0106109",
   year="{2001}"
}

@book{1,
author = "L. Lamport", 
year="1994",
title="LaTeX. User's Guide and Reference Manual",
publisher="Addison-Wesley"
}

@book{2,
author = "D. F. Griffiths and D. J. Higham", 
year="1996",
title="Learning LaTeX",
publisher="siam"
}

@misc{3,
author = "Garreaud, R.~D. and others", 
journal="Present-day South American climate, Paleogeogr. Palaeoclimatol. Palaeoecol.\\",
year="2008", 
howpublished="doi:10.1016/j.palaeo.2007.10.032"
}

@ARTICLE{30,
author = "Rojas, M. and Seth, A.",
year="2003",
journal=" Journal of Climate", 
volume="16", 
pages="2454"
}

@misc{noa,
   author = "\mbox{Space Environment Center--N.O.A.A.}",
   year = "2010",
   howpublished = "\hfill\\http://www.sec.noaa.gov/today.html.xray\\"
}

@ARTICLE{Ras,
  AUTHOR =       " Rastogi, R.~G. and others ",
  JOURNAL =      {{\it Phys Earth Planets Space}},
  YEAR =         {1999},
  volume =       {51},
  pages =        {947}
}

@BOOK{Zi,
  AUTHOR =       " Zirin, H.",
  TITLE =        {Solar Flares: Observations, Chapter 6 of Stellar and Solar Magnetic Fields},
  PUBLISHER =    {IAU Symposium No 22},
  YEAR =         {1965}
}

@book{bib8,
   author = "R. S. Su\'arez and others",
   year = "1995",
   title = " Compendio de Geolog\'{\i}a de Bolivia",
   publisher = "Publicaci\'on de Yacimientos Petrol\'{\i}feros Fiscales Bolivianos, YPFB"
}
